<record><leader>00000cas a22000007a 4500</leader><controlfield tag="001">29396233</controlfield><controlfield tag="008">931129d18831884ctudr ne      0    0eng d</controlfield><datafield ind1=" " ind2=" " tag="010"><subfield code="a">sn 93054128 </subfield></datafield><datafield ind1=" " ind2=" " tag="040"><subfield code="a">CNW</subfield><subfield code="b">eng</subfield><subfield code="c">CNW</subfield><subfield code="d">OCLCQ</subfield></datafield><datafield ind1=" " ind2=" " tag="042"><subfield code="a">msc</subfield></datafield><datafield ind1="0" ind2="0" tag="245"><subfield code="a">Hartford evening herald.</subfield></datafield><datafield ind1=" " ind2=" " tag="260"><subfield code="a">Hartford, Conn. :</subfield><subfield code="b">C.E. Woodruff &amp; Co.</subfield></datafield><datafield ind1=" " ind2=" " tag="300"><subfield code="a">v.</subfield></datafield><datafield ind1=" " ind2=" " tag="310"><subfield code="a">Daily (except Sun.)</subfield></datafield><datafield ind1="0" ind2=" " tag="362"><subfield code="a">Oct. 3, 1883-</subfield></datafield><datafield ind1="1" ind2=" " tag="362"><subfield code="a">Ceased in Feb. 1884.</subfield></datafield><datafield ind1=" " ind2=" " tag="515"><subfield code="a">Issues for Jan. 17-Feb. 6, 1884 also called: vol. 1, no. 106-123.</subfield></datafield><datafield ind1=" " ind2=" " tag="580"><subfield code="a">Published by the same publisher as: Evening herald (New Britain, Conn. : 1882), and: New Britain evening herald.</subfield></datafield><datafield ind1=" " ind2="4" tag="651"><subfield code="a">Hartford (Conn.)</subfield><subfield code="v">Newspapers.</subfield></datafield><datafield ind1=" " ind2=" " tag="752"><subfield code="a">United States</subfield><subfield code="b">Connecticut</subfield><subfield code="c">Hartford</subfield><subfield code="d">Hartford.</subfield></datafield><datafield ind1="1" ind2=" " tag="787"><subfield code="t">Evening herald (New Britain, Conn. : 1882)</subfield><subfield code="w">(DLC)sn 93054048</subfield><subfield code="w">(OCoLC)28435730</subfield></datafield><datafield ind1="1" ind2=" " tag="787"><subfield code="t">New Britain evening herald</subfield><subfield code="w">(DLC)sn 93054129</subfield></datafield><datafield ind1="1" ind2=" " tag="029"><subfield code="a">AU@</subfield><subfield code="b">000025908714</subfield></datafield></record>